@book{alpaydin2004,
  title={Introduction to machine learning},
  author={Alpaydin, E.},
  year={2004},
  publisher={MIT press}
}

